@misc{
    深度学习框架的评估与比较_孙镜涛,
    author = "孙镜涛",
    title = "深度学习框架的评估与比较",
    howpublished = "Website",
    year = {2016},
    note = {\url{http://www.infoq.com/cn/news/2016/01/evaluation-comparison-deep-learn}}
}


@misc{Johnson2015,
  author = {Johnson, Justin},
  title = {neural-style},
  year = {2015},
  publisher = {GitHub},
  journal = {GitHub repository},
  howpublished = {\url{https://github.com/jcjohnson/neural-style}},
}